@book{machinelearning,
  author        = "T. M. Mitchell",
  title         = "Machine Learning",
	year          = "1997",
 	 pages         = "1-432"

}

@book{IngDeSW,
  author        = "Sommerville, Ian",
  title         = "Ingeniería de Software",
	year          = "2005",
 	 pages         = "1-63"
}

@book{EcosistemasdelAA,
  author        = "Merlo Vega, José Antonio",
  title         = "Ecosistemas del Acceso Abierto",
	year          = "2018",
 	 pages         = "43-44",
 	 publisher = "Ediciones Universidad de Salamanca",
 	 chapter = "2.3.1"
}

@misc{BeneficiosAA,
author = {CRUE REBUIN},
title = {Beneficios del acceso abierto en tu Universidad},
howpublished = "url{http://biblioteca.uca.es/rodin/openaccessfecyt}",
urldate = {}
}

@article{OpenDOAR,
  title={The Directory of Open Access Repositories},
  institution={University of Nottingham, UK},
  organization={},
  author={OpenDOAR},
  journal={http://www.opendoar.org/},
  year={2006-2014},
  note={Fecha de consulta: 25-01-2018}
}

@article{para2010abierto,
  title={Abierto (2002)},
  author={para el Acceso, Iniciativa de Budapest},
  journal={Recuperado de http://www. budapestopenaccessinitiative. org/translations/spanish-translation},
  volume={1},
  year={2010}
}

@article{representacionSemantica,
  title={Representción semántica de conocimiento operativo y de dominio para
repositorios institucionales},
  author={Medina N. M. A., Sánchez J. A., Cervantes O., Medina R. R. C., De la Calleja M. J., Benítez R. Antonio.},
  journal={},
  volume={1},
  institution={Universidad Politécnica de Puebla},
  organization={},
  year={2017},
  note={Registro Público del derecho de autor 03-2017-042511235500-01}
}

@article{RAE,
  title={Real Académica de la Lengua Española},
  institution={},
  organization={Real Académica de la Lengua Española},
  author={RAE},
  journal={http://www.rae.es/},
  year={2018},
  note={Fecha de consulta: 7-03-2018}
}

@article{RepositoriosDigs,
  title={Repositorios digitales. Definición y pautas para su creación},
  institution={Universidad de Costa Rica},
  organization={},
  author={Jorge Polanco-Cortés},
  journal={https://ucrindex.ucr.ac.cr/docs/repositorios-digitales-definicion-y-pautas-para-su-creacion.pdf},
  year={2016},
  note={Fecha de consulta: 7-03-2018}
}

@article{RepositoriosInst,
  title={¿Qué es un repositorio institucional?},
  institution={Universidad de León},
  organization={},
  author={Biblioteca universitaria},
  journal={https://biblioteca.unileon.es/ayuda-formacion/repositorio-institucional},
  year={2011-2014},
  note={Fecha de consulta: 12-03-2018}
}

@article{Remeri,
  title={Red Mexicana de Repositorios Institucionales},
  institution={},
  organization={REMERI},
  author={REMERI},
  journal={www.remeri.org.mx/},
  year={2012-2018},
  note={Fecha de consulta: 12-01-2018}
}

@article{DSpaceRef,
  title={DSpace is a turnkey institutional repository application},
  author={DuraSpace},
  journal={http://www.dspace.org/},
  year={2018}
}

@article{RI_REMERI,
  title={Directorio de Repositorios Institucionales de \textup{REMERI}},
  author={Red Mexicana de Repositorios Institucionales},
  journal={http://www.remeri.org.mx/repositorios/},
  year={2017}
}

@article{RepositorioNacional,
  title={Repositorio Nacional},
  institution={Consejo Nacional de Ciencia y Tecnología - \textup{CONACYT}},
  organization={},
  author={},
  journal={https://www.repositorionacionalcti.mx/},
  year={2018},
  note={Fecha de consulta: 25-01-2018}
}

@article{EPrints,
  title={EPrints for Open Access},
  institution={Electronics & Computer Science, University of Southampton. All rights reserved.},
  organization={},
  author={},
  journal={http://www.eprints.org/uk/},
  year={2018},
  note={Fecha de consulta: 25-01-2018}
}

@article{VivoWeb,
  title={VIVO open source platform},
  institution={},
  organization={Duraspace. All rights reserved.},
  author={},
  journal={http://www.vivoweb.org/},
  year={2018},
  note={Fecha de consulta: 24-01-2018}
}

@article{ASWebQuest,
  title={Anotaciones semánticas en WebQuest},
  institution={Universidad de Valladolid},
  organization={},
  author={Santiago Blanco Suarez},
  journal={https://www2.infor.uva.es/~sblanco/},
  year={2006},
  note={Fecha de consulta: 21-02-2018}
}

@article{GuideCreatingOntology,
  title={Ontology Development 101: A Guide to Creating Your First Ontology},
  institution={Universidad de Stanford},
  organization={},
  author={Natalya F. Noy and Deborah L. McGuinness},
  journal={stanford.edu/publications/ontology development/ontology101 noy mcguinness.html},
  year={2001},
  note={Fecha de consulta: 21-02-2018}
}

@article{WebSemanticaSciELO,
  title={Web semántica: un nuevo enfoque para la organización y recuperación de información en el web},
  institution={},
  organization={SciELO Cuba},
  author={Lic. Keilyn Rodríguez Perojo y Lic. Rodrigo Ronda León},
  journal={http://scielo.sld.cu/scielo.php?script=sci_arttext&pid=S1024-94352005000600003},
  year={2005},
  note={Fecha de consulta: 12-11-2018}
}

@article{SOMIdiseno,
  title={Diseño de un servicio web para la recuperación de
información semántica del repositorio institucional de la Universidad Politécnica de Puebla},
  institution={Universidad Politécnica de Puebla},
  organization={},
  author={Paulo Daniel Vázquez Mora, María Auxilio Medina Nieto},
  journal={SOMI, Congreso de Instrumentación 2018},
  year={2018},
  note={}
}

@misc{W3C,
author = { MIT , ERCIM , Keio, Beihang},
title = {W3C Standards},
year = {2018},
howpublished = "url{https://www.w3.org/standards/}",
urldate = {13-11-2018}
}

@misc{DrJulioSoler,
author = {D. Julio Soler del Pozo},
title = {Implementación de un servicio web para la transferencia de los resultados de la investigación de la Región de Murcia mediante tecnologías de la Web Semántica y de gestión de contenidos},
year = {2017},
howpublished = "url{https://digitum.um.es/xmlui/handle/10201/54364}",
urldate = {10-09-2018}
}

@misc{W3CSemanticWeb,
author = {RDF working group},
title = {Resource Description Framework},
year = {2014},
howpublished = "url{https://www.w3.org/2001/sw/wiki/RDF}",
urldate = {13-11-2018}
}

@misc{W3CRDFSchema,
author = {Dan Brickley, Google},
title = {RDF Schema 1.1},
year = {2014},
howpublished = "url{https://www.w3.org/TR/rdf-schema/}",
urldate = {13-11-2018}
}

@misc{IntroBDRDF,
author = {Renzo Angles},
title = {Introducción a las bases de datos RDF},
year = {2015},
howpublished = "url{http://renzoangles.net/files/libro.pdf}",
urldate = {13-11-2018}
}

@misc{VirtuosoRef,
author = {OpenLink Software},
title = {About OpenLink Virtuoso},
year = {2015},
howpublished = "url{https://virtuoso.openlinksw.com/}",
urldate = {10-04-2018}
}

@misc{lodTheEssentials,
author = {Bauer Florian, Kaltenböc Martin},
title = {Linked Open Data: The Essentials},
year = {2012},
howpublished = "Graphikservice GmbH",
urldate = {}
}

@misc{OntoText,
author = {ontotext.com},
title = {What is a semantic repository},
year = {2018},
howpublished = "url{https://ontotext.com/knowledgehub/fundamentals/semantic-repository/}",
urldate = {21-03-2018}
}

@misc{LaReferencia,
author = {La Referencia},
title = {La Referencia, Red de Repositorios de Acceso Abierto a la Ciencia},
year = {2019},
howpublished = "url{http://www.lareferencia.info/es/}",
urldate = {13-02-2019}
}

@misc{CatalogoRESTRN,
author = {Infotec},
title = {Descripción de servicios REST, Catálogos del repositorio nacional},
year = {2018},
howpublished = "url{http://catalogs.repositorionacionalcti.mx/webresources/}",
urldate = {22-10-2018}
}

@misc{FeaturesREST,
author = {Cecilio Álvarez Caules},
title = {Introducción a Servicios REST},
year = {2013},
howpublished = "url{https://www.arquitecturajava.com/servicios-rest/}",
urldate = {22-11-2018}
}

@misc{CLei46,
author = {Jose Texier},
title = {Repositorio Semántico para la Universidad Nacional de Chilecito},
year = {2017},
howpublished = "url{http://sedici.unlp.edu.ar/bitstream/handle/10915/62792/Documento_completo.pdf-PDFA.pdf?sequence=1}",
urldate = {21-03-2018}
}

@misc{SkosSparql,
author = {W3C Recommendation},
title = {SPARQL Query Language for RDF},
year = {2008},
howpublished = "url{https://www.w3.org/TR/rdf-sparql-query/}",
urldate = {4-10-2018}
}

@misc{Python_Growth,
author = {Robinson, D.},
title = {The Incredible Growth of Python},
year = {2017},
howpublished = "url{https://stackoverflow.blog/2017/09/06/incredible-growth-python/}",
urldate = {20-05-2019}
}

@article{NextGenerationRepositories,
  title={Next Generation Repositories: Behaviours and Technical Recommendations of the COAR},
  institution={},
  organization={Confederation of Open Access Repositories},
  author={Next Generation Repository Working Group},
  journal={https://www.coar-repositories.org/activities/advocacy-leadership/working-group-next-generation-repositories/},
  year={2017},
  note={Fecha de consulta: 2-03-2018}
}

@article{,
  title={},
  institution={Universidad Pompeu Fabra},
  organization={},
  author={},
  journal={https://www.coar-repositories.org/activities/advocacy-leadership/working-group-next-generation-repositories/},
  year={2017},
  note={Fecha de consulta: 2-03-2018}
}

@MISC{LaWebSemantica,
  title={La Web sem\'antica},
  author={Codina, Lluís; Cristofol Rovira},
  year={2006},
  howpublished = "url{http://eprints.rclis.org/8899/1/web_semantica__.pdf/}",
note={Fecha de consulta: 2019-01-30}
}

@MISC{JenaFuseki,
  title={Apache Jena Fuseki},
  author={The Apache Software Foundation},
  year={2019},
  howpublished = "url{https://jena.apache.org/documentation/fuseki2/}",
urldate = {15-07-2019}
}

@MISC{RDFizer,
  title={RDFizer Concept},
  author={OpenSemanticFramework.org},
  year={2019},
  howpublished = "url{http://wiki.opensemanticframework.org/index.php/RDFizer_Concept}",
urldate = {14-01-2014}
}

@MISC{RDFlib,
  title={RDFLib Library version 4.2.2},
  author={Eikeon; Gromgull; Joernhees},
  year={2019},
  howpublished = "url{https://pypi.org/project/rdflib/}",
urldate = {29-01-2017}
}

@MISC{OWLReady2,
  title={OWLReady2 Library version 0.19},
  author={Lamy, Jean-Baptiste},
  year={2019},
  howpublished = "url{https://pypi.org/project/Owlready2/}",
urldate = {29-01-2017}
}

@MISC{OnceHeuristicas,
  title={Pruebas de usabilidad con usuarios},
  author={Torres Burriel, Daniel},
  year={2008},
  howpublished = "url{https://www.torresburriel.com/}",
urldate = {28-11-2008}
}

@MISC{libreriaXMLetree,
  title={Elementtree 1.2.6-20050316},
  author={Lundh, Fredrik},
  year={2005},
  howpublished = "url{https://pypi.org/project/elementtree/}",
urldate = {2019-08-15}
}

@MISC{PeterSuber2015,
  title={Open Access Overview},
  author={Suber, Peter},
  year={2015},
  howpublished = "url{http://legacy.earlham.edu/~peters/fos/overview.htm}",
urldate = {2019-09-5}
}

@MISC{Lagoze2005,
  title={Implementation Guidelines for the Open Archives Initiative Protocol for Metadata Harvesting},
  author={Lagoze, Carl; Van de Sompel, Herbert; Nelson, Michael; Warner, Simeon},
  year={2005},
  howpublished = "url{http://www.openarchives.org/OAI/2.0/guidelines.htm}",
urldate = {2005-05-3}
}

@MISC{DublinCore,
  title={Dublin Core Metadata Iniciative},
  author={DCMI},
  year={2019},
  howpublished = "url{https://www.dublincore.org/}",
urldate = {2019-09-19}
}

@misc{Ontologias,
author = {Lamarca Lapuente, María Jesús},
title = {Hipertexto, el nuevo concepto de documento en la cultura de la imagen},
year = {2013},
howpublished = "url{http://www.hipertexto.info}",
urldate = {2013-12-08}
}

@misc{CincoEstrellas,
author = {Berners-Lee, Tim},
title = {Esquema de cinco estrellas de los datos abiertos},
year = {2009},
howpublished = "url{http://www.w3.org/DesignIssues/LinkedData.html
}"
}

@article{RutaVerdeDorada,
  title={Tipos de Open Access: diferencias entre la vía verde y la vía dorada},
  institution={},
  organization={Elsevier},
  author={Elsevier Connect},
  journal={https://www.elsevier.com/es-es/connect/actualidad-sanitaria/tipos-de-open-access-via-verde-y-la-via-dorada},
  year={2019},
  month={03},
  day={19},
  note={Fecha de consulta: 5-09-2019}
}

@article{RepresentacionSemantica2017,
  title={Representación semántica de conocimiento operativo y de dominio para repositorios institucionales},
  institution={Universidad Politécnica de Puebla},
  organization={},
  author={Medina Nieto, Ma. Auxilio; Sánchez, José Alfredo; Cervantes, Oscar; De la Calleja Mora, Jorge; Benitez Ruiz, Antonio},
  journal={Registro Público del derecho de autor 03-2017-042511235500-01},
  year={2017},
  month={},
  day={},
  note={Fecha de consulta: 31-08-2019}
}


%%%%%%%%%%%%%%%   Do not edit below this line  %%%%%%%%%%%%%%%%%%
@IEEEtranBSTCTL{IEEEtran:BSTcontrol,
  CTLuse_article_number     = "yes",
  CTLuse_paper              = "yes",
  CTLuse_forced_etal        = "no",
  CTLmax_names_forced_etal  = "10",
  CTLnames_show_etal        = "1",
  CTLuse_alt_spacing        = "yes",
  CTLalt_stretch_factor     = "4",
  CTLdash_repeated_names    = "no",
  CTLname_format_string     = "{f.~}{vv~}{ll}{, jj}",
  CTLname_latex_cmd         = "",
  CTLname_url_prefix        = "[Online]. Available:"
}
